@INPROCEEDINGS{Loredo2004,
       author = {{Loredo}, Thomas J.},
        title = "{Accounting for Source Uncertainties in Analyses of Astronomical Survey
        Data}",
     keywords = {02.50.Tt, 95.80.+p, Inference methods, Astronomical catalogs atlases sky
        surveys databases retrieval systems archives etc., Astrophysics,
        Physics - Data Analysis, Statistics and Probability},
    booktitle = {American Institute of Physics Conference Series},
         year = 2004,
       editor = {{Fischer}, Rainer and {Preuss}, Roland and {Toussaint}, Udo Von},
       volume = {735},
        month = Nov,
        pages = {195-206},
          doi = {10.1063/1.1835214},
archivePrefix = {arXiv},
       eprint = {astro-ph/0409387},
 primaryClass = {astro-ph},
       adsurl = {https://ui.adsabs.harvard.edu/#abs/2004AIPC..735..195L},
      adsnote = {Provided by the SAO/NASA Astrophysics Data System}
}

@ARTICLE{Mandel2018,
       author = {{Mandel}, Ilya and {Farr}, Will M. and {Gair}, Jonathan R.},
        title = "{Extracting distribution parameters from multiple uncertain observations
        with selection biases}",
      journal = {ArXiv e-prints},
     keywords = {Physics - Data Analysis, Statistics and Probability, Astrophysics - High
        Energy Astrophysical Phenomena},
         year = 2018,
        month = Sep,
          eid = {arXiv:1809.02063},
        pages = {arXiv:1809.02063},
archivePrefix = {arXiv},
       eprint = {1809.02063},
 primaryClass = {physics.data-an},
       adsurl = {https://ui.adsabs.harvard.edu/#abs/2018arXiv180902063M},
      adsnote = {Provided by the SAO/NASA Astrophysics Data System}
}

@ARTICLE{GW150914-Rate,
       author = {{Abbott}, B.~P. and {Abbott}, R. and {Abbott}, T.~D. and {Abernathy},
        M.~R. and {Acernese}, F. and {Ackley}, K. and {Adams}, C. and
        {Adams}, T. and {Addesso}, P. and {Adhikari}, R.~X. and {Adya},
        V.~B. and {Affeldt}, C. and {Agathos}, M. and {Agatsuma}, K. and
        {Aggarwal}, N. and {Aguiar}, O.~D. and {Aiello}, L. and {Ain},
        A. and {Ajith}, P. and {Allen}, B. and {Allocca}, A. and
        {Altin}, P.~A. and {Anderson}, S.~B. and {Anderson}, W.~G. and
        {Arai}, K. and {Araya}, M.~C. and {Arceneaux}, C.~C. and
        {Areeda}, J.~S. and {Arnaud}, N. and {Arun}, K.~G. and
        {Ascenzi}, S. and {Ashton}, G. and {Ast}, M. and {Aston}, S.~M.
        and {Astone}, P. and others},
        title = "{The Rate of Binary Black Hole Mergers Inferred from Advanced LIGO
        Observations Surrounding GW150914}",
      journal = {\apj},
     keywords = {black holes, gravitational waves, stars: massive, Astrophysics - High
        Energy Astrophysical Phenomena, General Relativity and Quantum
        Cosmology},
         year = 2016,
        month = Dec,
       volume = {833},
          eid = {L1},
        pages = {L1},
          doi = {10.3847/2041-8205/833/1/L1},
 primaryClass = {astro-ph.HE},
       adsurl = {https://ui.adsabs.harvard.edu/#abs/2016ApJ...833L...1A},
      adsnote = {Provided by the SAO/NASA Astrophysics Data System}
}

@ARTICLE{GW150914-Rate-Supplement,
       author = {{Abbott}, B.~P. and {Abbott}, R. and {Abbott}, T.~D. and {Abernathy},
        M.~R. and {Acernese}, F. and {Ackley}, K. and {Adams}, C. and
        {Adams}, T. and {Addesso}, P. and {Adhikari}, R.~X. and {Adya},
        V.~B. and {Affeldt}, C. and {Agathos}, M. and {Agatsuma}, K. and
        {Aggarwal}, N. and {Aguiar}, O.~D. and {Aiello}, L. and {Ain},
        A. and {Ajith}, P. and {Allen}, B. and {Allocca}, A. and
        {Altin}, P.~A. and {Anderson}, S.~B. and {Anderson}, W.~G. and
        {Arai}, K. and {Araya}, M.~C. and {Arceneaux}, C.~C. and
        {Areeda}, J.~S. and {Arnaud}, N. and {Arun}, K.~G. and
        {Ascenzi}, S. and {Ashton}, G. and {Ast}, M. and {Aston}, S.~M.
        and {Astone}, P. and others},
        title = "{Supplement: {\textquotedblleft}The Rate of Binary Black Hole Mergers
        Inferred from Advanced LIGO Observations Surrounding
        GW150914{\textquotedblright} (2016, ApJL, 833, L1)}",
      journal = {The Astrophysical Journal Supplement Series},
     keywords = {gravitational waves, stars: black holes, Astrophysics - High Energy
        Astrophysical Phenomena, Astrophysics - Instrumentation and
        Methods for Astrophysics},
         year = 2016,
        month = Dec,
       volume = {227},
          eid = {14},
        pages = {14},
          doi = {10.3847/0067-0049/227/2/14},
 primaryClass = {astro-ph.HE},
       adsurl = {https://ui.adsabs.harvard.edu/#abs/2016ApJS..227...14A},
      adsnote = {Provided by the SAO/NASA Astrophysics Data System}
}

@ARTICLE{Christainsen2015,
       author = {{Christiansen}, Jessie L. and {Clarke}, Bruce D. and {Burke},
        Christopher J. and {Seader}, Shawn and {Jenkins}, Jon M. and
        {Twicken}, Joseph D. and {Catanzarite}, Joseph D. and {Smith},
        Jeffrey C. and {Batalha}, Natalie M. and {Haas}, Michael R. and
        {Thompson}, Susan E. and {Campbell}, Jennifer R. and {Sabale},
        Anima and {Kamal Uddin}, AKM},
        title = "{Measuring Transit Signal Recovery in the Kepler Pipeline II: Detection
        Efficiency as Calculated in One Year of Data}",
      journal = {\apj},
     keywords = {methods: data analysis, techniques: photometric, Astrophysics - Earth
        and Planetary Astrophysics},
         year = 2015,
        month = Sep,
       volume = {810},
          eid = {95},
        pages = {95},
          doi = {10.1088/0004-637X/810/2/95},
 primaryClass = {astro-ph.EP},
       adsurl = {https://ui.adsabs.harvard.edu/#abs/2015ApJ...810...95C},
      adsnote = {Provided by the SAO/NASA Astrophysics Data System}
}

@ARTICLE{Burke2015,
       author = {{Burke}, Christopher J. and {Christiansen}, Jessie L. and {Mullally}, F.
        and {Seader}, Shawn and {Huber}, Daniel and {Rowe}, Jason F. and
        {Coughlin}, Jeffrey L. and {Thompson}, Susan E. and
        {Catanzarite}, Joseph and {Clarke}, Bruce D. and {Morton},
        Timothy D. and {Caldwell}, Douglas A. and {Bryson}, Stephen T.
        and {Haas}, Michael R. and {Batalha}, Natalie M. and {Jenkins},
        Jon M. and {Tenenbaum}, Peter and {Twicken}, Joseph D. and {Li},
        Jie and {Quintana}, Elisa and {Barclay}, Thomas and {Henze},
        Christopher E. and {Borucki}, William J. and {Howell}, Steve B.
        and {Still}, Martin},
        title = "{Terrestrial Planet Occurrence Rates for the Kepler GK Dwarf Sample}",
      journal = {\apj},
     keywords = {catalogs, eclipses, methods: statistical, planetary systems, space
        vehicles, surveys, Astrophysics - Earth and Planetary
        Astrophysics},
         year = 2015,
        month = Aug,
       volume = {809},
          eid = {8},
        pages = {8},
          doi = {10.1088/0004-637X/809/1/8},
 primaryClass = {astro-ph.EP},
       adsurl = {https://ui.adsabs.harvard.edu/#abs/2015ApJ...809....8B},
      adsnote = {Provided by the SAO/NASA Astrophysics Data System}
}

@techreport{Burke2017,
  author      = {Christopher J. Burke and Joseph Catanzarite},
  title       = {Planet Detection Metrics: Per-Target Detection Contours for Data Release 25},
  type        = {Technical Report},
  institution = {NASA Ames Research Center},
  year        = {2017},
  note        = {\url{https://exoplanetarchive.ipac.caltech.edu/docs/KSCI-19111-002.pdf}},
  number      = {KSCI-19111-002}
}

@ARTICLE{Fishbach2018,
       author = {{Fishbach}, Maya and {Holz}, Daniel E. and {Farr}, Will M.},
        title = "{Does the Black Hole Merger Rate Evolve with Redshift?}",
      journal = {\apj},
     keywords = {binaries: general, gravitational waves, methods: data analysis, stars:
        black holes, stars: massive, Astrophysics - High Energy
        Astrophysical Phenomena, General Relativity and Quantum
        Cosmology},
         year = 2018,
        month = Aug,
       volume = {863},
          eid = {L41},
        pages = {L41},
          doi = {10.3847/2041-8213/aad800},
 primaryClass = {astro-ph.HE},
       adsurl = {https://ui.adsabs.harvard.edu/#abs/2018ApJ...863L..41F},
      adsnote = {Provided by the SAO/NASA Astrophysics Data System}
}
